2620 4006
500 756 543 816 IN
572 755 722 816 OBITUM

147 863 497 924 INCOMPARABILIS
517 863 728 924 FRANCISCI
752 863 805 922 DE
822 861 1065 922 VERULAMIO.

166 1164 187 1204 1.
219 1149 301 1208 Dum
324 1149 453 1209 moriens
475 1153 588 1208 tantam
611 1148 721 1208 nostris
744 1147 933 1208 Verulamius
956 1147 1051 1207 Heros

265 1238 429 1298 Tristitiam
452 1239 561 1312 Musis,
588 1238 760 1314 luminaque
783 1237 842 1296 uda
864 1237 949 1296 facit:

167 1341 189 1382 a.
222 1327 379 1387 Credimus
402 1329 461 1387 heu
485 1323 601 1386 nullum
624 1327 688 1386 fieri
711 1332 780 1403 post
801 1327 863 1384 sata
884 1327 1012 1400 beatum,

266 1416 420 1476 Credimus
443 1423 473 1476 et
496 1415 629 1476 Samium
652 1415 817 1492 desipuisse
842 1433 951 1474 senem.

164 1519 187 1560 a.
220 1505 341 1565 Scilicet
363 1506 413 1565 hic
435 1505 552 1565 miseris
579 1505 653 1564 felix
675 1505 780 1581 nequit
802 1522 867 1564 esse
892 1503 1028 1563 Camenis

263 1594 327 1654 Nec
350 1613 382 1654 se
405 1613 494 1672 quam
517 1595 619 1653 Musas
641 1593 711 1670 plus
734 1598 813 1652 amat
835 1593 892 1652 iste
915 1611 993 1652 suas.

166 1697 189 1738 4.
220 1685 261 1743 At
282 1683 445 1744 luctantem
468 1684 597 1742 animam
621 1683 726 1742 Clotho
749 1682 907 1758 imperiosa
929 1683 1034 1758 coegit.

246 1773 311 1831 nd
334 1773 451 1832 caelum
477 1773 586 1831 inritos
610 1772 702 1830 traxit
724 1772 756 1829 in
778 1777 858 1831 astra
880 1772 980 1847 pedes.

166 1876 189 1917 5.
220 1861 337 1937 Ergone
360 1862 531 1921 Phoebeias·
545 1861 673 1920 iacuisse
696 1861 866 1936 putabimus
888 1863 985 1920 artes?

264 1952 364 2028 Atque
387 1952 493 2010 herbas
518 1949 606 2009 Clarii
629 1949 674 2008 nil
696 1949 826 2009 valuisse
850 1950 923 2009 Dei?

168 2055 189 2094 o.
220 2040 357 2099 Phoebus
372 2040 451 2099 idem
475 2040 584 2116 potuit,
608 2057 663 2097 nec
685 2039 780 2098 virtus
803 2039 898 2098 abluit
919 2038 1027 2112 herbis,

264 2128 354 2188 Hunc
377 2134 469 2188 artem
492 2135 582 2205 atque
605 2127 673 2186 illas
696 2127 755 2185 vim
779 2128 906 2186 retinere
928 2131 1029 2203 putes:

168 2232 189 2274 7.
220 2220 260 2276 At
274 2217 427 2277 Phoebum
444 2219 489 2294 (ut
504 2216 609 2276 metuit
624 2235 662 2276 ne
671 2217 737 2275 Rex
752 2216 828 2276 foret
842 2217 900 2275 iste
917 2215 1066 2293 Camenis)

265 2306 366 2365 Rivali
388 2307 533 2366 medicam
557 2306 644 2365 crede
667 2323 792 2380 negasse
814 2323 944 2363 manum.

169 2409 191 2451 s.
221 2395 300 2455 Hinc
309 2395 392 2455 dolor
401 2402 460 2474 est;
478 2395 556 2472 quod
566 2413 634 2454 cum
644 2395 762 2454 Phoebo
773 2394 962 2456 Verulamius
972 2393 1067 2454 Heros

266 2485 360 2544 Maior
383 2489 446 2543 erat
468 2484 606 2560 reliquis,
630 2485 686 2542 hac
708 2485 784 2542 foret
806 2489 868 2542 arte
891 2483 994 2542 minor.

170 2587 191 2628 s.
222 2573 283 2632 Vos
298 2579 406 2648 tamen,
422 2578 565 2633 otantum
580 2590 685 2632 manus
700 2578 789 2650 atque
798 2574 910 2645 umbra,
921 2572 1067 2632 Camenae

267 2662 306 2722 st
328 2681 422 2739 paene
444 2663 553 2721 inferni
576 2659 688 2737 pallida
710 2662 798 2720 turba
820 2662 911 2735 lovis,

156 2764 192 2807 10.
224 2752 255 2812 Si
279 2752 399 2828 spiratis
422 2752 532 2824 adhuc,
555 2757 585 2810 et
607 2768 667 2809 non
690 2748 805 2810 lusistis
828 2751 947 2825 ocellos,

266 2840 335 2921 (Sed
359 2858 456 2916 neque
479 2845 546 2917 post
568 2839 655 2898 illum
685 2857 738 2898 vos
761 2857 917 2916 superesse
940 2836 1064 2915 putem):

156 2943 191 2985 11.
223 2929 330 2990 sivos
354 2947 423 3004 ergo
446 2929 554 3006 aliquis
577 2929 614 2988 de
637 2933 731 2987 morte
753 2928 905 2988 reduxerit
921 2926 1066 3003 Orpheus,

265 3019 387 3094 Istaque
410 3036 469 3077 non
492 3018 585 3076 aciem
608 3017 686 3075 fallit
708 3018 807 3093 imago
830 3036 940 3076 meam:

156 3121 191 3164 12.
221 3108 334 3168 Discite
356 3125 437 3165 nunc
459 3108 589 3182 gemitus
617 3112 647 3165 et
669 3106 858 3165 lamentabile
880 3123 1007 3178 carmen,

266 3197 313 3256 Ex
337 3196 431 3256 oculis
454 3196 563 3256 restris
586 3195 708 3254 lacrima
730 3194 826 3255 multa
848 3195 928 3254 fluat.

156 3299 191 3341 ra.
223 3286 269 3345 En
294 3303 383 3362 quam
407 3285 502 3344 multa
524 3283 609 3343 finit?
641 3302 727 3343 veras
750 3301 877 3360 agnosco
902 3285 1044 3343 Camenas

266 3375 305 3434 Et
327 3374 477 3448 lacrimas,
501 3373 628 3433 Helicon
651 3373 703 3431 vix
728 3374 800 3432 satis
823 3390 902 3431 unus
926 3374 994 3450 erit;
