2620 4006
261 259 279 316 2

258 447 292 488 14.
321 435 528 500 Deucalioneis
552 447 582 500 et
605 439 657 519 qui
681 458 740 499 non
763 457 878 498 mersus
902 438 933 497 in
957 440 1046 498 undis

363 526 529 589 Parnassus
554 529 672 606 (mirum
696 529 751 604 est)
775 529 858 587 hisce
881 528 984 588 latebit
1006 529 1100 605 aquis,

258 627 291 670 15.
321 614 440 677 Scilicet
462 619 511 677 hic
535 619 636 695 periit,
659 636 822 696 perquem
846 635 899 676 vos
922 618 1037 691 vivitiS,
1062 619 1168 696 etqui

363 706 458 766 Multa
480 707 592 767 Pierias
616 708 720 767 nutriit
742 711 805 768 arte
827 707 915 765 Dcas,

257 805 290 847 16.
320 793 404 854 Vidit
427 802 462 855 ut
484 797 533 856 hic
555 803 634 857 artes
657 798 741 855 nulla
763 795 861 854 radice
884 801 1022 870 retentas,

363 884 519 960 Languere
543 892 577 945 ut
599 904 715 946 summo
740 885 852 945 semina
876 903 979 960 sparsa
1002 887 1078 961 solo,

257 985 290 1026 17.
320 972 459 1033 Crescere
482 974 628 1050 Pegaseas
652 975 765 1049 docuit,
789 974 872 1032 velut
894 973 988 1032 Hasta
1012 973 1130 1047 Quirini

364 1062 476 1140 Crevit,
499 1070 530 1123 et
553 1064 661 1139 exiguo
685 1071 818 1140 tempore
841 1063 959 1123 Laurus
982 1068 1053 1122 erat.

256 1163 290 1204 18.
319 1151 397 1226 Ergo
420 1151 629 1212 Heliconiadas
653 1153 754 1212 docuit
777 1171 845 1212 oum
870 1170 1004 1212 crescere
1028 1153 1122 1225 divas,

362 1241 535 1301 Diminuent
557 1243 646 1301 huius
663 1242 783 1303 saecula
806 1241 890 1309 nulla
905 1242 1004 1300 decus.

255 1518 288 1561 19.
316 1505 380 1566 Nec
403 1508 479 1567 ferre
503 1507 629 1568 ulterius
653 1510 788 1585 generosi
812 1509 941 1585 pectoris
964 1515 1065 1568 aestus

363 1595 570 1674 Contemptum
595 1599 702 1675 potuit,
726 1599 802 1657 Diva
826 1599 970 1672 Minerva,
994 1605 1088 1657 tuum.

254 1694 288 1736 20.
317 1684 459 1744 Restituit
481 1687 613 1746 calamus
637 1687 756 1746 solitum
780 1688 901 1746 divinus
924 1688 1066 1746 honorem

362 1773 494 1850 Dispulit
517 1781 546 1834 et
569 1777 663 1835 nubes
686 1777 761 1836 alter
784 1776 889 1852 Apollo
913 1783 988 1836 tuas.

254 1872 287 1916 21.
317 1861 449 1938 Dispulit
472 1870 502 1923 et
524 1866 661 1924 tenebras
686 1866 738 1925 sed
761 1883 834 1942 quas
858 1863 981 1925 obfusoa
1003 1869 1141 1924 vetustas

361 1951 514 2028 Temporis
537 1959 568 2012 et
590 1954 681 2031 prisci
704 1954 787 2030 lippa
812 1958 930 2014 senecta
953 1954 1035 2030 tulit;

254 2051 287 2094 22.
316 2041 415 2116 Atque
431 2042 515 2102 alias
527 2043 680 2102 methodos
704 2061 821 2102 sacrum
837 2044 1014 2102 instauravit
1028 2061 1167 2119 acumen,

363 2129 548 2209 Gnossiaque
572 2133 695 2208 eripuit,
720 2133 772 2191 sed
796 2151 850 2192 sua
873 2133 924 2191 fila
947 2133 1037 2191 dedit.

253 2229 288 2273 aa.
317 2217 438 2278 Scilicet
460 2221 581 2298 antiquo
606 2223 774 2298 sapientum
798 2221 909 2296 vulgus
932 2222 964 2279 in
987 2239 1058 2279 aevo

364 2308 436 2367 Tam
460 2310 554 2369 claros
578 2310 679 2369 oculos
702 2329 762 2369 non
784 2311 924 2369 habuisse
947 2310 1054 2386 liquet;

252 2406 286 2448 24.
313 2395 351 2454 Hi
376 2399 459 2457 velut
482 2399 543 2458 Eoo
567 2417 694 2475 surgens
717 2400 754 2458 de
776 2399 876 2458 littore
900 2399 1046 2473 Phoebus,

360 2486 416 2545 Hic
439 2488 521 2548 velut
543 2489 575 2546 in
598 2489 695 2547 media
717 2489 814 2563 fulget
836 2488 944 2564 Apollo
967 2488 1029 2546 die:

253 2586 287 2628 25.
317 2573 358 2632 Hi
381 2577 474 2635 veluti
498 2577 613 2652 Tiphys
637 2583 789 2636 tentarunt
811 2595 939 2654 aequora
962 2576 1100 2653 primum,
1190 2655 1192 2658 Ι

359 2666 400 2722 At
421 2666 474 2723 vix
497 2665 628 2725 deseruit
649 2667 748 2726 littora
771 2667 866 2743 prima
889 2666 970 2737 ratis

253 2763 286 2806 26.
315 2751 450 2813 Pleiadas
461 2755 509 2814 hic
517 2754 697 2832 Hyadesque
710 2763 798 2832 atque
812 2755 910 2814 omnia
921 2755 1018 2813 sidera
1027 2772 1164 2830 noscens,

360 2841 476 2918 Syrtes,
499 2850 587 2920 atque
610 2852 691 2918 tuos,
714 2845 847 2921 improba
871 2841 984 2919 Scylla,
1008 2861 1110 2920 canes3

252 2942 285 2986 27.
316 2929 379 2990 Scit
393 2933 471 3010 q'uod
487 2933 640 2992 vitandum
657 2939 710 3007 est,
727 2952 785 3010 quo
795 2934 902 3008 dirigat
911 2951 1038 3009 aequore
1048 2949 1165 3007 navem,
1196 2954 1198 2958 ·

360 3021 477 3081 Certius
500 3028 531 3081 et
553 3041 674 3081 cursum
698 3022 815 3081 nautica
839 3027 990 3094 monstrat
1004 3039 1089 3080 acus:

251 3119 285 3163 28.
314 3108 447 3170 Infantes
470 3109 517 3170 illi
541 3111 654 3184 Musas,
679 3112 728 3170 hic
750 3111 848 3186 gignit
870 3111 999 3186 adultas;

358 3198 496 3259 Mortales
520 3201 578 3274 illi,
601 3201 698 3276 gignit
721 3206 751 3258 at
774 3200 830 3259 iste
855 3200 940 3258 Deas.

254 3303 287 3344 ae.
316 3287 449 3347 Palmam
472 3289 538 3348 ideo
560 3290 684 3366 reliquis
708 3289 815 3364 Magna
838 3287 1016 3347 Instauratio
1040 3287 1125 3347 libris

360 3374 506 3452 Abstulit,
530 3384 560 3437 et
583 3378 692 3437 cedunt
715 3378 848 3455 squalida
872 3378 958 3437 turba
982 3377 1076 3453 sophi.
