2620 4006
130 422 168 465 30.
198 409 237 470 nt
260 410 365 470 vestita
387 429 463 470 novo
486 411 585 470 Pallas
608 411 694 470 modo
717 411 815 487 prodit
837 411 955 486 amietu,

243 499 359 574 Anguis
383 499 528 576 depositis
551 505 585 558 ut
607 500 683 558 nitet
705 501 830 560 exuviis.

130 601 168 642 31.
199 587 248 647 Sic
263 589 397 648 Phoenix
420 589 535 649 eineres
559 593 673 665 spectat
695 589 781 648 modo
804 595 874 648 nata
897 595 1045 666 paternos,

243 678 367 737 Aesonis
390 683 421 737 et
443 677 530 737 rediit
553 677 648 754 prima
669 677 789 737 iuventa
813 678 901 738 senis.

131 778 168 822 32.
198 766 366 826 Instaurata
389 785 459 826 euos
482 771 512 826 et
536 768 579 826 sie
602 765 773 826 Verulamia
795 785 896 826 mures

242 856 347 933 laetat,
372 862 402 914 et
424 857 581 933 antiquum
605 861 705 932 sperat
727 857 762 916 ab
785 857 856 915 inde
880 856 980 917 decus

132 1133 168 1175 33.
201 1120 258 1180 Sed
282 1127 391 1198 quanta
414 1122 558 1197 effulgent
580 1122 651 1200 plus
676 1140 766 1200 quam
789 1122 921 1182 mortalis
945 1123 1032 1182 oceHi

242 1209 382 1284 Lumina,
406 1211 478 1270 dum
500 1213 585 1287 regni
609 1211 736 1287 mystica
759 1229 841 1271 saera
863 1217 962 1290 canat,

133 1311 169 1354 34,
199 1298 278 1357 Dum
301 1300 345 1360 sie
367 1305 489 1358 naturae
511 1301 593 1376 leges
620 1318 785 1377 arcanaque
807 1301 932 1376 Regum,
1055 1291 1059 1299 ’

243 1388 396 1465 Tanquam
419 1407 436 1447 a
459 1390 580 1450 seeretis
603 1395 684 1448 esset
706 1389 852 1467 utrisque,
879 1394 971 1449 canat.

133 1489 169 1532 35.
200 1477 279 1536 Dum
295 1483 381 1538 eanat
395 1477 571 1553 Henrieum,
588 1479 640 1556 qui
655 1479 721 1538 Rex
741 1479 880 1556 idemque
895 1478 1043 1554 Sacerdos,

244 1567 397 1626 Gonnubio
422 1568 522 1628 stabili
544 1568 645 1628 iunxit
667 1572 824 1645 utramque
846 1568 965 1627 Rosam.

132 1667 168 1710 33.
199 1656 291 1732 Atqui
314 1657 387 1715 haee
410 1662 479 1716 sunt
501 1657 610 1716 nostris
633 1654 722 1732 longe
745 1656 854 1715 maiora
879 1656 1024 1732 Camenis,

242 1745 310 1804 Non
333 1745 406 1804 haee
428 1745 534 1804 infelix
557 1745 679 1819 Granta,
704 1745 756 1804 sed
779 1746 857 1804 Aula
881 1747 968 1804 sciat:

131 1847 167 1890 37.
199 1833 258 1894 Sed
281 1852 349 1893 eum
374 1834 485 1894 Granta
507 1835 599 1893 labris
622 1834 785 1894 admoverit
807 1835 898 1894 ubera
921 1835 1012 1894 tantis

241 1923 294 1982 Ius
317 1923 406 1983 habet
428 1924 461 1981 in
483 1924 588 1982 laudes
612 1923 752 2003 (maxime
774 1922 916 2000 Alumne)
940 1929 1015 1982 tuae.

129 2024 166 2068 ³8.
195 2011 248 2070 Ius
270 2013 370 2087 habet,
393 2018 428 2072 ut
442 2018 570 2072 maestos
592 2012 724 2071 lacrimis
740 2013 930 2088 extingueret
944 2013 1042 2088 ignee,
1157 2010 1159 2015 ’

242 2100 347 2160 Posset
370 2106 404 2160 ut
425 2119 442 2160 e
465 2101 561 2160 medio
585 2101 744 2178 diripuisse
766 2119 844 2177 roge.

131 2201 168 2244 39.
197 2190 239 2248 At
261 2195 379 2249 nestrae
401 2190 456 2248 tibi
479 2191 563 2248 nulla
585 2192 682 2249 ferant
705 2190 837 2249 encomia
859 2190 970 2264 Musae,

241 2279 312 2355 Ipse
335 2279 430 2354 canis,
452 2280 557 2338 laudes
581 2285 611 2338 et
633 2280 715 2338 canis
739 2280 809 2338 inde
831 2284 907 2338 tuas.

128 2379 165 2422 40.
196 2366 259 2426 Nos
274 2373 373 2426 tamen
389 2373 418 2427 et
431 2367 543 2442 laudes,
560 2387 618 2445 qua
633 2385 793 2444 possumus
802 2372 873 2442 arte,
890 2386 1041 2449 canemus,

242 2456 272 2516 Si
295 2461 395 2516 tamen
418 2475 466 2516 ars
489 2457 582 2531 desit,
605 2457 672 2516 laus
694 2457 750 2516 erit
773 2457 830 2516 iste
854 2457 943 2517 dolor.
